@article{buslaev2020albumentations,
  title={Albumentations: fast and flexible image augmentations},
  author={Buslaev, Alexander and Iglovikov et al.},
  journal={Information},
  volume={11},
  number={2},
  pages={125},
  year={2020},
  publisher={Multidisciplinary Digital Publishing Institute}
}

@article{joshua2020blood,
  title={Blood vessel segmentation from fundus images using modified U-Net convolutional neural network},
  author={Joshua, Afolabi O and Nelwamondo et al.},
  journal={Journal of Image and Graphics},
  volume={8},
  number={1},
  pages={21--25},
  year={2020}
}

@inproceedings{singh2014new,
  title={A new morphology based approach for blood vessel segmentation in retinal images},
  author={Singh, Dalwinder and Singh et al.},
  booktitle={2014 annual IEEE India conference (INDICON)},
  pages={1--6},
  year={2014},
  organization={IEEE}
}

@article{hassan2015retinal,
  title={Retinal blood vessel segmentation approach based on mathematical morphology},
  author={Hassan, Gehad and El-Bendary et al.},
  journal={Procedia Computer Science},
  volume={65},
  pages={612--622},
  year={2015},
  publisher={Elsevier}
}

@inproceedings{aslan2018segmentation,
  title={Segmentation of retinal blood vessel using gabor filter and extreme learning machines},
  author={Aslan, Muhammet Fatih and Ceylan et al.},
  booktitle={2018 International Conference on Artificial Intelligence and Data Processing (IDAP)},
  pages={1--5},
  year={2018},
  organization={IEEE}
}


@inproceedings{yavuz2011retinal,
  title={Retinal blood vessel segmentation using Gabor filter and top-hat transform},
  author={Yavuz, Zafer and K{\"o}se, Cemal},
  booktitle={2011 IEEE 19th Signal Processing and Communications Applications Conference (SIU)},
  pages={546--549},
  year={2011},
  organization={IEEE}
}

@article{zhang2010retinal,
  title={Retinal vessel extraction by matched filter with first-order derivative of Gaussian},
  author={Zhang, Bob and Zhang et al.},
  journal={Computers in biology and medicine},
  volume={40},
  number={4},
  pages={438--445},
  year={2010},
  publisher={Elsevier}
}

@article{krizhevsky2012imagenet,
  title={Imagenet classification with deep convolutional neural networks},
  author={Krizhevsky, Alex and Sutskever et al.},
  journal={Advances in neural information processing systems},
  volume={25},
  pages={1097--1105},
  year={2012}
}

@article{simonyan2014very,
  title={Very deep convolutional networks for large-scale image recognition},
  author={Simonyan, Karen and Zisserman, Andrew},
  journal={arXiv preprint arXiv:1409.1556},
  year={2014}
}

@article{chen2017deeplab,
  title={Deeplab: Semantic image segmentation with deep convolutional nets, atrous convolution, and fully connected crfs},
  author={Chen, Liang-Chieh and Papandreou et al.},
  journal={IEEE transactions on pattern analysis and machine intelligence},
  volume={40},
  number={4},
  pages={834--848},
  year={2017},
  publisher={IEEE}
}

@inproceedings{vengalil2016customizing,
  title={Customizing CNNs for blood vessel segmentation from fundus images},
  author={Vengalil, Sunil Kumar and Sinha, Neelam and Kruthiventi, Srinivas SS and Babu, R Venkatesh},
  booktitle={2016 International Conference on Signal Processing and Communications (SPCOM)},
  pages={1--4},
  year={2016},
  organization={IEEE}
}

@inproceedings{ronneberger2015u,
  title={U-net: Convolutional networks for biomedical image segmentation},
  author={Ronneberger, Olaf and Fischer, Philipp and Brox, Thomas},
  booktitle={International Conference on Medical image computing and computer-assisted intervention},
  pages={234--241},
  year={2015},
  organization={Springer}
}

@article{zhuang2018laddernet,
  title={LadderNet: Multi-path networks based on U-Net for medical image segmentation},
  author={Zhuang, Juntang},
  journal={arXiv preprint arXiv:1810.07810},
  year={2018}
}

@article{park2020m,
  title={M-gan: Retinal blood vessel segmentation by balancing losses through stacked deep fully convolutional networks},
  author={Park, Kyeong-Beom and Choi et al.},
  journal={IEEE Access},
  volume={8},
  pages={146308--146322},
  year={2020},
  publisher={IEEE}
}

@article{jiang2018retinal,
  title={Retinal blood vessel segmentation using fully convolutional network with transfer learning},
  author={Jiang, Zhexin and Zhang, Hao and Wang, Yi and Ko, Seok-Bum},
  journal={Computerized Medical Imaging and Graphics},
  volume={68},
  pages={1--15},
  year={2018},
  publisher={Elsevier}
}

@inproceedings{deng2009imagenet,
  title={Imagenet: A large-scale hierarchical image database},
  author={Deng, Jia and Dong et al.},
  booktitle={2009 IEEE conference on computer vision and pattern recognition},
  pages={248--255},
  year={2009},
  organization={Ieee}
}

@article{budai2013robust,
  title={Robust vessel segmentation in fundus images},
  author={Budai, Attila and Bock, R{\"u}diger and Maier, Andreas and Hornegger, Joachim and Michelson, Georg},
  journal={International journal of biomedical imaging},
  volume={2013},
  year={2013},
  publisher={Hindawi}
}

@data{h25w98-18,
doi = {10.21227/H25W98},
url = {https://dx.doi.org/10.21227/H25W98},
author = {Porwal, Prasanna and Pachade et al.},
publisher = {IEEE Dataport},
title = {Indian Diabetic Retinopathy Image Dataset (IDRiD)},
year = {2018} }

@article{adapa2020supervised,
  title={A supervised blood vessel segmentation technique for digital Fundus images using Zernike Moment based features},
  author={Adapa, Dharmateja and Joseph Raj, Alex Noel and Alisetti, Sai Nikhil and Zhuang, Zhemin and Naik, Ganesh},
  journal={Plos one},
  volume={15},
  number={3},
  pages={e0229831},
  year={2020},
  publisher={Public Library of Science San Francisco, CA USA}
}