@article{2018arXiv180906839B,
  author = {A. Buslaev, A. Parinov, E. Khvedchenya, V.~I. Iglovikov and A.~A. Kalinin},
  title = "{Albumentations: fast and flexible image augmentations}",
  journal = {ArXiv e-prints},
  eprint = {1809.06839},
  year = 2018
}

@article{joshua2020blood,
  title={Blood vessel segmentation from fundus images using modified U-Net convolutional neural network},
  author={Joshua, Afolabi O and Nelwamondo, Fulufhelo V and Mabuza-Hocquet, Gugulethu},
  journal={Journal of Image and Graphics},
  volume={8},
  number={1},
  pages={21--25},
  year={2020}
}

@inproceedings{lin2014microsoft,
  title={Microsoft coco: Common objects in context},
  author={Lin, Tsung-Yi and Maire, Michael and Belongie, Serge and Hays, James and Perona, Pietro and Ramanan, Deva and Doll{\'a}r, Piotr and Zitnick, C Lawrence},
  booktitle={European conference on computer vision},
  pages={740--755},
  year={2014},
  organization={Springer}
}

@inproceedings{sumathy2012retinal,
  title={Retinal blood vessel segmentation using morphological structuring element and entropy thresholding},
  author={Sumathy, Bet and Poornachandra, S},
  booktitle={2012 Third International Conference on Computing, Communication and Networking Technologies (ICCCNT'12)},
  pages={1--5},
  year={2012},
  organization={IEEE}
}

@inproceedings{singh2014new,
  title={A new morphology based approach for blood vessel segmentation in retinal images},
  author={Singh, Dalwinder and Singh, Birmohan and others},
  booktitle={2014 annual IEEE India conference (INDICON)},
  pages={1--6},
  year={2014},
  organization={IEEE}
}

@article{hassan2015retinal,
  title={Retinal blood vessel segmentation approach based on mathematical morphology},
  author={Hassan, Gehad and El-Bendary, Nashwa and Hassanien, Aboul Ella and Fahmy, Ali and Snasel, Vaclav and others},
  journal={Procedia Computer Science},
  volume={65},
  pages={612--622},
  year={2015},
  publisher={Elsevier}
}

@inproceedings{aslan2018segmentation,
  title={Segmentation of retinal blood vessel using gabor filter and extreme learning machines},
  author={Aslan, Muhammet Fatih and Ceylan, Murat and Durdu, Akif},
  booktitle={2018 International Conference on Artificial Intelligence and Data Processing (IDAP)},
  pages={1--5},
  year={2018},
  organization={IEEE}
}


@inproceedings{yavuz2011retinal,
  title={Retinal blood vessel segmentation using Gabor filter and top-hat transform},
  author={Yavuz, Zafer and K{\"o}se, Cemal},
  booktitle={2011 IEEE 19th Signal Processing and Communications Applications Conference (SIU)},
  pages={546--549},
  year={2011},
  organization={IEEE}
}

@article{hoover2000locating,
  title={Locating blood vessels in retinal images by piecewise threshold probing of a matched filter response},
  author={Hoover, AD and Kouznetsova, Valentina and Goldbaum, Michael},
  journal={IEEE Transactions on Medical imaging},
  volume={19},
  number={3},
  pages={203--210},
  year={2000},
  publisher={IEEE}
}

@article{zhang2010retinal,
  title={Retinal vessel extraction by matched filter with first-order derivative of Gaussian},
  author={Zhang, Bob and Zhang, Lin and Zhang, Lei and Karray, Fakhri},
  journal={Computers in biology and medicine},
  volume={40},
  number={4},
  pages={438--445},
  year={2010},
  publisher={Elsevier}
}

@article{krizhevsky2012imagenet,
  title={Imagenet classification with deep convolutional neural networks},
  author={Krizhevsky, Alex and Sutskever, Ilya and Hinton, Geoffrey E},
  journal={Advances in neural information processing systems},
  volume={25},
  pages={1097--1105},
  year={2012}
}

@article{simonyan2014very,
  title={Very deep convolutional networks for large-scale image recognition},
  author={Simonyan, Karen and Zisserman, Andrew},
  journal={arXiv preprint arXiv:1409.1556},
  year={2014}
}

@inproceedings{he2016deep,
  title={Deep residual learning for image recognition},
  author={He, Kaiming and Zhang, Xiangyu and Ren, Shaoqing and Sun, Jian},
  booktitle={Proceedings of the IEEE conference on computer vision and pattern recognition},
  pages={770--778},
  year={2016}
}

@article{chen2017deeplab,
  title={Deeplab: Semantic image segmentation with deep convolutional nets, atrous convolution, and fully connected crfs},
  author={Chen, Liang-Chieh and Papandreou, George and Kokkinos, Iasonas and Murphy, Kevin and Yuille, Alan L},
  journal={IEEE transactions on pattern analysis and machine intelligence},
  volume={40},
  number={4},
  pages={834--848},
  year={2017},
  publisher={IEEE}
}

@article{wu2019fastfcn,
  title={Fastfcn: Rethinking dilated convolution in the backbone for semantic segmentation},
  author={Wu, Huikai and Zhang, Junge and Huang, Kaiqi and Liang, Kongming and Yu, Yizhou},
  journal={arXiv preprint arXiv:1903.11816},
  year={2019}
}

@inproceedings{long2015fully,
  title={Fully convolutional networks for semantic segmentation},
  author={Long, Jonathan and Shelhamer, Evan and Darrell, Trevor},
  booktitle={Proceedings of the IEEE conference on computer vision and pattern recognition},
  pages={3431--3440},
  year={2015}
}

@inproceedings{vengalil2016customizing,
  title={Customizing CNNs for blood vessel segmentation from fundus images},
  author={Vengalil, Sunil Kumar and Sinha, Neelam and Kruthiventi, Srinivas SS and Babu, R Venkatesh},
  booktitle={2016 International Conference on Signal Processing and Communications (SPCOM)},
  pages={1--4},
  year={2016},
  organization={IEEE}
}

@article{zhuang2018laddernet,
  title={LadderNet: Multi-path networks based on U-Net for medical image segmentation},
  author={Zhuang, Juntang},
  journal={arXiv preprint arXiv:1810.07810},
  year={2018}
}

@article{park2020m,
  title={M-gan: Retinal blood vessel segmentation by balancing losses through stacked deep fully convolutional networks},
  author={Park, Kyeong-Beom and Choi, Sung Ho and Lee, Jae Yeol},
  journal={IEEE Access},
  volume={8},
  pages={146308--146322},
  year={2020},
  publisher={IEEE}
}

@article{jiang2018retinal,
  title={Retinal blood vessel segmentation using fully convolutional network with transfer learning},
  author={Jiang, Zhexin and Zhang, Hao and Wang, Yi and Ko, Seok-Bum},
  journal={Computerized Medical Imaging and Graphics},
  volume={68},
  pages={1--15},
  year={2018},
  publisher={Elsevier}
}

@inproceedings{deng2009imagenet,
  title={Imagenet: A large-scale hierarchical image database},
  author={Deng, Jia and Dong, Wei and Socher, Richard and Li, Li-Jia and Li, Kai and Fei-Fei, Li},
  booktitle={2009 IEEE conference on computer vision and pattern recognition},
  pages={248--255},
  year={2009},
  organization={Ieee}
}

