@article{kou2020enhanced,
  title={An enhanced residual U-Net for microaneurysms and exudates segmentation in fundus images},
  author={Kou, Caixia and Li, Wei and Yu, Zekuan and Yuan, Luzhan},
  journal={IEEE Access},
  volume={8},
  pages={185514--185525},
  year={2020},
  publisher={IEEE}
}

@article{hamad2020exudates,
  title={Exudates as Landmarks Identified through FCM Clustering in Retinal Images},
  author={Hamad, Hadi and Dwickat, Tahreer and Tegolo, Domenico and Valenti, Cesare},
  journal={Applied Sciences},
  volume={11},
  number={1},
  pages={142},
  year={2020},
  publisher={MDPI}
}

@article{fan2019retinal,
  title={Retinal Blood Vessel Segmentation Based on Matched Filtering and Morphological Processing},
  author={Fan, Linlin and Cheng, Yun and Tian, Xiaobing},
  journal={Computer Knowledge Technology},
  volume={15},
  number={17},
  pages={188--190},
  year={2019}
}

@article{si2021hard,
  title={Hard exudate segmentation in retinal image with attention mechanism},
  author={Si, Ze and Fu, Dongmei and Liu, Yang and Huang, Zhicheng},
  journal={IET Image Processing},
  volume={15},
  number={3},
  pages={587--597},
  year={2021},
  publisher={Wiley Online Library}
}

@article{liu2021construction,
  title={Construction and verification of color fundus image retinal vessels segmentation algorithm under BP neural network},
  author={Liu, Zhao},
  journal={The Journal of Supercomputing},
  volume={77},
  number={7},
  pages={7171--7183},
  year={2021},
  publisher={Springer}
}

@article{xu2021retinal,
  title={Retinal Vessel Segmentation Algorithm Based on Residual Convolution Neural Network},
  author={Xu, Shuang and Chen, Zhiqiang and Cao, Weiyi and Zhang, Feng and Tao, Bo},
  journal={Frontiers in Bioengineering and Biotechnology},
  volume={9},
  year={2021},
  publisher={Frontiers Media SA}
}

@article{kaur2022uniconv,
  title={UNIConv: An enhanced U-Net based InceptionV3 convolutional model for DR semantic segmentation in retinal fundus images},
  author={Kaur, Jaspreet and Kaur, Prabhpreet},
  journal={Concurrency and Computation: Practice and Experience},
  pages={e7138},
  year={2022},
  publisher={Wiley Online Library}
}
@inproceedings{nur2018exudate,
  title={Exudate segmentation in retinal images of diabetic retinopathy using saliency method based on region},
  author={Nur, Nahya and Tjandrasa, Handayani},
  booktitle={Journal of Physics: Conference Series},
  volume={1108},
  number={1},
  pages={012110},
  year={2018},
  organization={IOP Publishing}
}

@article{guo2020bin,
  title={Bin loss for hard exudates segmentation in fundus images},
  author={Guo, Song and Wang, Kai and Kang, Hong and Liu, Teng and Gao, Yingqi and Li, Tao},
  journal={Neurocomputing},
  volume={392},
  pages={314--324},
  year={2020},
  publisher={Elsevier}
}


@article{hu2015curbing,
  title={Curbing the diabetes pandemic: the need for global policy solutions},
  author={Hu, Frank B and Satija, Ambika and Manson, JoAnn E},
  journal={Jama},
  volume={313},
  number={23},
  pages={2319--2320},
  year={2015},
  publisher={American Medical Association}
}

@article{dash2020retinal,
  title={Retinal blood vessel extraction from fundus images using enhancement filtering and clustering},
  author={Dash, Jyotiprava and Parida, Priyadarsan and Bhoi, Nilamani},
  journal={ELCVIA: electronic letters on computer vision and image analysis},
  volume={19},
  number={1},
  pages={0038--52},
  year={2020}
}

@INPROCEEDINGS{wang2018under,
  author={Wang, Panqu and Chen, Pengfei and Yuan, Ye and Liu, Ding and Huang, Zehua and Hou, Xiaodi and Cottrell, Garrison},
  booktitle={2018 IEEE Winter Conference on Applications of Computer Vision (WACV)},
  title={Understanding Convolution for Semantic Segmentation},
  year={2018},
  volume={},
  number={},
  pages={1451-1460},
  doi={10.1109/WACV.2018.00163}}

@InProceedings{Yu_2018_ECCV,
author = {Yu, Changqian and Wang, Jingbo and Peng, Chao and Gao, Changxin and Yu, Gang and Sang, Nong},
title = {BiSeNet: Bilateral Segmentation Network for Real-time Semantic Segmentation},
booktitle = {Proceedings of the European Conference on Computer Vision (ECCV)},
month = {September},
year = {2018}
}

@inproceedings{perdomo2017convolutional,
  title={Convolutional network to detect exudates in eye fundus images of diabetic subjects},
  author={Perdomo, Oscar and Arevalo, John and Gonz{\'a}lez, Fabio A},
  booktitle={12th International Symposium on Medical Information Processing and Analysis},
  volume={10160},
  pages={235--240},
  year={2017},
  organization={SPIE}
}

@inproceedings{sun2021robust,
  title={Robust retinal vessel segmentation from a data augmentation perspective},
  author={Sun, Xu and Fang, Huihui and Yang, Yehui and Zhu, Dongwei and Wang, Lei and Liu, Junwei and Xu, Yanwu},
  booktitle={International Workshop on Ophthalmic Medical Image Analysis},
  pages={189--198},
  year={2021},
  organization={Springer},
  note = {doi:\url{https://doi.org/10.1007/978-3-030-87000-3_20}},
}

@article{lecun1989handwritten,
  title={Handwritten digit recognition with a back-propagation network},
  author={LeCun, Yann and Boser, Bernhard and Denker, John and Henderson, Donnie and Howard, Richard and Hubbard, Wayne and Jackel, Lawrence},
  journal={Advances in neural information processing systems},
  volume={2},
  year={1989}
}


@article{zheng2018detection,
  title={Detection of exudates in fundus photographs with imbalanced learning using conditional generative adversarial network},
  author={Zheng, Rui and Liu, Lei and Zhang, Shulin and Zheng, Chun and Bunyak, Filiz and Xu, Ronald and Li, Bin and Sun, Mingzhai},
  journal={Biomedical optics express},
  volume={9},
  number={10},
  pages={4863--4878},
  year={2018},
  publisher={Optica Publishing Group}
}


@inproceedings{feng2017deep,
  title={Deep retinal image segmentation: a FCN-based architecture with short and long skip connections for retinal image segmentation},
  author={Feng, Zhongwei and Yang, Jie and Yao, Lixiu and Qiao, Yu and Yu, Qi and Xu, Xun},
  booktitle={International conference on neural information processing},
  pages={713--722},
  year={2017},
  organization={Springer}
}


@article{tan2017automated,
  title={Automated segmentation of exudates, haemorrhages, microaneurysms using single convolutional neural network},
  author={Tan, Jen Hong and Fujita, Hamido and Sivaprasad, Sobha and Bhandary, Sulatha V and Rao, A Krishna and Chua, Kuang Chua and Acharya, U Rajendra},
  journal={Information sciences},
  volume={420},
  pages={66--76},
  year={2017},
  publisher={Elsevier}
}


@article{krestanova2020recent,
  title={Recent techniques and trends for retinal blood vessel extraction and tortuosity evaluation: A comprehensive review},
  author={Krestanova, Alice and Kubicek, Jan and Penhaker, Marek},
  journal={Ieee Access},
  volume={8},
  pages={197787--197816},
  year={2020},
  publisher={IEEE}
}

@inproceedings{ma2019multi,
  title={Multi-task neural networks with spatial activation for retinal vessel segmentation and artery/vein classification},
  author={Ma, Wenao and Yu, Shuang and Ma, Kai and Wang, Jiexiang and Ding, Xinghao and Zheng, Yefeng},
  booktitle={International Conference on Medical Image Computing and Computer-Assisted Intervention},
  pages={769--778},
  year={2019},
  organization={Springer}
}
https://en.wikipedia.org/wiki/Image_analysis
@article{playout2019novel,
  title={A novel weakly supervised multitask architecture for retinal lesions segmentation on fundus images},
  author={Playout, Clement and Duval, Renaud and Cheriet, Farida},
  journal={IEEE transactions on medical imaging},
  volume={38},
  number={10},
  pages={2434--2444},
  year={2019},
  publisher={IEEE}
}


@article{buslaev2020albumentations,
  title={Albumentations: fast and flexible image augmentations},
  author={Buslaev, Alexander and Iglovikov et al.},
  journal={Information},
  volume={11},
  number={2},
  pages={125},
  year={2020},
  publisher={Multidisciplinary Digital Publishing Institute}
}

@article{joshua2020blood,
  title={Blood vessel segmentation from fundus images using modified U-Net convolutional neural network},
  author={Joshua, Afolabi O and Nelwamondo et al.},
  journal={Journal of Image and Graphics},
  volume={8},
  number={1},
  pages={21--25},
  year={2020}
}

@inproceedings{singh2014new,
  title={A new morphology based approach for blood vessel segmentation in retinal images},
  author={Singh, Dalwinder and Singh et al.},
  booktitle={2014 annual IEEE India conference (INDICON)},
  pages={1--6},
  year={2014},
  organization={IEEE}
}

@article{hassan2015retinal,
  title={Retinal blood vessel segmentation approach based on mathematical morphology},
  author={Hassan, Gehad and El-Bendary et al.},
  journal={Procedia Computer Science},
  volume={65},
  pages={612--622},
  year={2015},
  publisher={Elsevier}
}

@inproceedings{aslan2018segmentation,
  title={Segmentation of retinal blood vessel using gabor filter and extreme learning machines},
  author={Aslan, Muhammet Fatih and Ceylan et al.},
  booktitle={2018 International Conference on Artificial Intelligence and Data Processing (IDAP)},
  pages={1--5},
  year={2018},
  organization={IEEE}
}


@inproceedings{yavuz2011retinal,
  title={Retinal blood vessel segmentation using Gabor filter and top-hat transform},
  author={Yavuz, Zafer and K{\"o}se, Cemal},
  booktitle={2011 IEEE 19th Signal Processing and Communications Applications Conference (SIU)},
  pages={546--549},
  year={2011},
  organization={IEEE}
}

@article{zhang2010retinal,
  title={Retinal vessel extraction by matched filter with first-order derivative of Gaussian},
  author={Zhang, Bob and Zhang et al.},
  journal={Computers in biology and medicine},
  volume={40},
  number={4},
  pages={438--445},
  year={2010},
  publisher={Elsevier}
}

@article{krizhevsky2012imagenet,
  title={Imagenet classification with deep convolutional neural networks},
  author={Krizhevsky, Alex and Sutskever et al.},
  journal={Advances in neural information processing systems},
  volume={25},
  pages={1097--1105},
  year={2012}
}

@article{simonyan2014very,
  title={Very deep convolutional networks for large-scale image recognition},
  author={Simonyan, Karen and Zisserman, Andrew},
  journal={arXiv preprint arXiv:1409.1556},
  year={2014}
}

@article{chen2017deeplab,
  title={Deeplab: Semantic image segmentation with deep convolutional nets, atrous convolution, and fully connected crfs},
  author={Chen, Liang-Chieh and Papandreou et al.},
  journal={IEEE transactions on pattern analysis and machine intelligence},
  volume={40},
  number={4},
  pages={834--848},
  year={2017},
  publisher={IEEE}
}

@inproceedings{vengalil2016customizing,
  title={Customizing CNNs for blood vessel segmentation from fundus images},
  author={Vengalil, Sunil Kumar and Sinha, Neelam and Kruthiventi, Srinivas SS and Babu, R Venkatesh},
  booktitle={2016 International Conference on Signal Processing and Communications (SPCOM)},
  pages={1--4},
  year={2016},
  organization={IEEE}
}

@inproceedings{ronneberger2015u,
  title={U-net: Convolutional networks for biomedical image segmentation},
  author={Ronneberger, Olaf and Fischer, Philipp and Brox, Thomas},
  booktitle={International Conference on Medical image computing and computer-assisted intervention},
  pages={234--241},
  year={2015},
  organization={Springer}
}

@article{zhuang2018laddernet,
  title={LadderNet: Multi-path networks based on U-Net for medical image segmentation},
  author={Zhuang, Juntang},
  journal={arXiv preprint arXiv:1810.07810},
  year={2018}
}

@article{park2020m,
  title={M-gan: Retinal blood vessel segmentation by balancing losses through stacked deep fully convolutional networks},
  author={Park, Kyeong-Beom and Choi et al.},
  journal={IEEE Access},
  volume={8},
  pages={146308--146322},
  year={2020},
  publisher={IEEE}
}

@article{jiang2018retinal,
  title={Retinal blood vessel segmentation using fully convolutional network with transfer learning},
  author={Jiang, Zhexin and Zhang, Hao and Wang, Yi and Ko, Seok-Bum},
  journal={Computerized Medical Imaging and Graphics},
  volume={68},
  pages={1--15},
  year={2018},
  publisher={Elsevier}
}

@inproceedings{deng2009imagenet,
  title={Imagenet: A large-scale hierarchical image database},
  author={Deng, Jia and Dong et al.},
  booktitle={2009 IEEE conference on computer vision and pattern recognition},
  pages={248--255},
  year={2009},
  organization={Ieee}
}

@article{budai2013robust,
  title={Robust vessel segmentation in fundus images},
  author={Budai, Attila and Bock, R{\"u}diger and Maier, Andreas and Hornegger, Joachim and Michelson, Georg},
  journal={International journal of biomedical imaging},
  volume={2013},
  year={2013},
  publisher={Hindawi}
}

@data{h25w98-18,
doi = {10.21227/H25W98},
url = {https://dx.doi.org/10.21227/H25W98},
author = {Porwal, Prasanna and Pachade et al.},
publisher = {IEEE Dataport},
title = {Indian Diabetic Retinopathy Image Dataset (IDRiD)},
year = {2018} }

@article{adapa2020supervised,
  title={A supervised blood vessel segmentation technique for digital Fundus images using Zernike Moment based features},
  author={Adapa, Dharmateja and Joseph Raj, Alex Noel and Alisetti, Sai Nikhil and Zhuang, Zhemin and Naik, Ganesh},
  journal={Plos one},
  volume={15},
  number={3},
  pages={e0229831},
  year={2020},
  publisher={Public Library of Science San Francisco, CA USA}
}

@Article{article,
	author = "Author1 LastName1 and Author2 LastName2 and Author3 LastName3",
	title = "Article Title",
	volume = "30",
	number = "30",
	pages = "10127-10134",
	year = "2013",
	doi = "10.3389/fnins.2013.12345",
	URL = "http://www.frontiersin.org/Journal/10.3389/fnins.2013.12345/abstract",
	journal = "Frontiers in Neuroscience"
}

@book{book,
  author    = {Author Name}, 
  title     = {The title of the work},
  publisher = {The name of the publisher},
  address   = {The city},
  year      = 1993,
}

@incollection{chapter,
  author       = {Bauthor Surname}, 
  title        = {The title of the work},
  editor       = {Editor Name},
  booktitle    = {The title of the book},
  publisher    = {The name of the publisher},
  address      = {The city},
  year         = 2002,
  pages        = {201-213},
}

@InProceedings{conference,
  author = {Cauthor Name and Dauthor Surname and Fauthor LastName},
  title = {The title of the work},
  booktitle = {The title of the conference proceedings},
  year = 1996,
  publisher = {The name of the publisher},
  editor = {Editor Name1 and Editor Name2},
  pages = {41-50},
}

@book{cho,
  author       = {Gauthor Name1}, 
  title        = {The title of the work},
  publisher = {Country code and patent number},
  address      = {Patent Country},
  year = 2013
}

@book{patent,
  author    = {Hauthor Surname1}, 
  title     = {The title of the work},
  publisher = {Patent number},
  address   = {Patent country},
  year      = 2010,
}

@inproceedings{long2015fully,
  title={Fully convolutional networks for semantic segmentation},
  author={Long, Jonathan and Shelhamer, Evan and Darrell, Trevor},
  booktitle={Proceedings of the IEEE conference on computer vision and pattern recognition},
  pages={3431--3440},
  year={2015}
}



@misc{maculaurl,
    author = {Wikipedia},
	howpublished={\url{https://en.wikipedia.org/wiki/Macula_of_retina}},
    year = 2022
}